@article{1987ApJS...64..715H,
  author   = {{Hernquist}, Lars},
  title    = {{Performance Characteristics of Tree Codes}},
  journal  = {\apjs},
  keywords = {Computational Astrophysics, Fortran, Hierarchies, Many Body Problem, Trees (Mathematics), Astronomical Models, Cray Computers, Memory (Computers), Astrophysics, NUMERICAL METHODS},
  year     = 1987,
  month    = aug,
  volume   = {64},
  pages    = {715},
  doi      = {10.1086/191215},
  adsurl   = {https://ui.adsabs.harvard.edu/abs/1987ApJS...64..715H},
  adsnote  = {Provided by the SAO/NASA Astrophysics Data System}
}


@book{2008gady.book.....B,
  author  = {{Binney}, James and {Tremaine}, Scott},
  title   = {{Galactic Dynamics: Second Edition}},
  year    = 2008,
  adsurl  = {https://ui.adsabs.harvard.edu/abs/2008gady.book.....B},
  adsnote = {Provided by the SAO/NASA Astrophysics Data System}
}
